<?xml version="1.0" encoding="utf-8"?>
<record xmlns="http://www.loc.gov/MARC21/slim" xmlns:xsi="http://www.w3.org/2001/XMLSchema-instance" xsi:schemaLocation="http://www.loc.gov/MARC21/slim http://www.loc.gov/standards/marcxml/schema/MARC21slim.xsd">
	<leader>
		02823nam a2200421   4500
	</leader>
	<controlfield tag="001">
		002854068
	</controlfield>
	<controlfield tag="003">
		NNU
	</controlfield>
	<controlfield tag="006">
		m        d        
	</controlfield>
	<controlfield tag="007">
		cr cn |||m|||a
	</controlfield>
	<controlfield tag="008">
		150923s1956    su abc  o     000 0 ara  
	</controlfield>
	<datafield ind1=" " ind2=" " tag="040">
		<subfield code="a">
			NNU
		</subfield>
		<subfield code="b">
			eng
		</subfield>
		<subfield code="e">
			rda
		</subfield>
		<subfield code="c">
			NNU
		</subfield>
	</datafield>
	<datafield ind1=" " ind2=" " tag="043">
		<subfield code="a">
			a-su---
		</subfield>
	</datafield>
	<datafield ind1="0" ind2="0" tag="050">
		<subfield code="a">
			DS248.M4
		</subfield>
		<subfield code="b">
			F3 1956
		</subfield>
	</datafield>
	<datafield ind1="1" ind2=" " tag="100">
		<subfield code="6">
			880-01
		</subfield>
		<subfield code="a">
			Fāsī, Muḥammad ibn Aḥmad,
		</subfield>
		<subfield code="d">
			1373 or 1374-1428 or 1429.
		</subfield>
	</datafield>
	<datafield ind1="1" ind2="0" tag="245">
		<subfield code="6">
			880-02
		</subfield>
		<subfield code="a">
			Shifāʼ al-gharām bi-akhbār al-Balad al-Ḥarām /
		</subfield>
		<subfield code="c">
			taʼlīf Abī al-Tayyib Taqī al-Dīn Muḥammad ibn Aḥmad ibn ʻAlī al-Fāsī al-Makkī al-Mālikī ; ḥaqqaqa uṣūlahi wa-ʻallaqa ḥawāshīhi lajnah min kibār al-ʻulamāʼ wa-al-udabāʼ.
		</subfield>
	</datafield>
	<datafield ind1=" " ind2=" " tag="260">
		<subfield code="6">
			880-03
		</subfield>
		<subfield code="a">
			Makkah al-Mukarramah :
		</subfield>
		<subfield code="b">
			Maktabat al-Naḥdah al-Ḥadīthah,
		</subfield>
		<subfield code="c">
			1956
		</subfield>
		<subfield code="e">
			([Cairo] :
		</subfield>
		<subfield code="f">
			Dār Iḥyāʼ al-Kutub al-ʻArabīyah)
		</subfield>
	</datafield>
	<datafield ind1=" " ind2=" " tag="300">
		<subfield code="a">
			online resource (2 volumes) :
		</subfield>
		<subfield code="b">
			illustrations, portraits, maps (some folded)
		</subfield>
	</datafield>
	<datafield ind1=" " ind2=" " tag="336">
		<subfield code="a">
			text
		</subfield>
		<subfield code="2">
			rdacontent
		</subfield>
	</datafield>
	<datafield ind1=" " ind2=" " tag="337">
		<subfield code="a">
			computer
		</subfield>
		<subfield code="2">
			rdamedia
		</subfield>
	</datafield>
	<datafield ind1=" " ind2=" " tag="338">
		<subfield code="a">
			online resource
		</subfield>
		<subfield code="2">
			rdacarrier
		</subfield>
	</datafield>
	<datafield ind1=" " ind2=" " tag="500">
		<subfield code="a">
			Romanized.
		</subfield>
	</datafield>
	<datafield ind1=" " ind2=" " tag="500">
		<subfield code="a">
			Part of the Arabic Collections Online (ACO) project, contributed by New York Univeristy Libraries.
		</subfield>
	</datafield>
	<datafield ind1=" " ind2=" " tag="533">
		<subfield code="a">
			Electronic reproduction.
		</subfield>
		<subfield code="b">
			New York, N.Y. :
		</subfield>
		<subfield code="c">
			New York University,
		</subfield>
		<subfield code="d">
			2015.
		</subfield>
		<subfield code="5">
			NNU
		</subfield>
	</datafield>
	<datafield ind1=" " ind2="0" tag="651">
		<subfield code="a">
			Mecca (Saudi Arabia)
		</subfield>
		<subfield code="x">
			History
		</subfield>
	</datafield>
	<datafield ind1=" " ind2="7" tag="651">
		<subfield code="a">
			Saudi Arabia
		</subfield>
		<subfield code="z">
			Mecca.
		</subfield>
		<subfield code="2">
			fast
		</subfield>
		<subfield code="0">
			(OCoLC)fst01204780
		</subfield>
	</datafield>
	<datafield ind1=" " ind2="7" tag="655">
		<subfield code="a">
			History.
		</subfield>
		<subfield code="2">
			fast
		</subfield>
		<subfield code="0">
			(OCoLC)fst01411628
		</subfield>
	</datafield>
	<datafield ind1="0" ind2=" " tag="700">
		<subfield code="6">
			880-04
		</subfield>
		<subfield code="a">
			Ibn al-Najjār al-Baghdādī,
		</subfield>
		<subfield code="d">
			1182-1245.
		</subfield>
		<subfield code="t">
			Nuzʹhah al-thamīnah fī akhbār al-Madīnah.
		</subfield>
		<subfield code="f">
			1956.
		</subfield>
	</datafield>
	<datafield ind1="2" ind2=" " tag="710">
		<subfield code="a">
			New York University.
		</subfield>
		<subfield code="b">
			Libraries.
		</subfield>
	</datafield>
	<datafield ind1="0" ind2=" " tag="730">
		<subfield code="a">
			Arabic Collections Online.
		</subfield>
	</datafield>
	<datafield ind1="0" ind2="8" tag="776">
		<subfield code="i">
			Online version:
		</subfield>
		<subfield code="a">
			Fāsī, Muḥammad ibn Aḥmad, 1373 or 4-1428 or 9.
		</subfield>
		<subfield code="t">
			Shifāʼ al-gharām bi-akhbār al-Balad al-Ḥarām.
		</subfield>
		<subfield code="d">
			[1956]
		</subfield>
		<subfield code="w">
			(OCoLC)579772499
		</subfield>
	</datafield>
	<datafield ind1="0" ind2="8" tag="776">
		<subfield code="i">
			Print version:
		</subfield>
		<subfield code="a">
			Fāsī, Muḥammad ibn Aḥmad, 1373 or 1374-1428 or 1429.
		</subfield>
		<subfield code="t">
			Shifāʼ al-gharām bi-akhbār al-Balad al-Ḥarām
		</subfield>
		<subfield code="w">
			(NNU)002854068
		</subfield>
		<subfield code="w">
			(DLC)ne 61000017
		</subfield>
	</datafield>
	<datafield ind1="4" ind2="0" tag="856">
		<subfield code="u">
			http://hdl.handle.net/2333.1/5mkkwkrt
		</subfield>
	</datafield>
	<datafield ind1="1" ind2=" " tag="880">
		<subfield code="6">
			100-01/
		</subfield>
		<subfield code="a">
			فاسي، محمد بن أحمد.
		</subfield>
	</datafield>
	<datafield ind1="1" ind2="0" tag="880">
		<subfield code="6">
			245-02/
		</subfield>
		<subfield code="a">
			شفاء الغرام باخبار البلد الحرام /
		</subfield>
		<subfield code="c">
			تأليف ابي التيب تقي الدين محمد بن احمد بن علي الفاسي المكي المالكي ؛ حقق اصوله وعلق حواشيه لجنة من كبار العلماء والادباء.
		</subfield>
	</datafield>
	<datafield ind1=" " ind2=" " tag="880">
		<subfield code="6">
			260-03/
		</subfield>
		<subfield code="a">
			مكة المكرمة :
		</subfield>
		<subfield code="b">
			مكتبة النهضة الحديثة،
		</subfield>
		<subfield code="c">
			1956
		</subfield>
		<subfield code="e">
			(القاهرة :
		</subfield>
		<subfield code="f">
			دار إحياء الكتب العربية)
		</subfield>
	</datafield>
	<datafield ind1="0" ind2=" " tag="880">
		<subfield code="6">
			700-04/
		</subfield>
		<subfield code="a">
			ابن النجار البغدادي،
		</subfield>
		<subfield code="d">
			1182-1245.
		</subfield>
		<subfield code="t">
			نزهة الثمينة في اخبار المدينة.
		</subfield>
		<subfield code="f">
			1956.
		</subfield>
	</datafield>
	<datafield ind1=" " ind2=" " tag="959">
		<subfield code="a">
			NNU
		</subfield>
		<subfield code="b">
			WEB
		</subfield>
		<subfield code="c">
			GENI
		</subfield>
		<subfield code="t">
			0
		</subfield>
		<subfield code="m">
			Electronic access
		</subfield>
		<subfield code="s">
			01
		</subfield>
	</datafield>
	<datafield ind1=" " ind2=" " tag="999">
		<subfield code="i">
			NNU_002854068
		</subfield>
		<subfield code="s">
			nyu_aco001102:v.1
		</subfield>
		<subfield code="s">
			nyu_aco001103:v.2
		</subfield>
	</datafield>
</record>
